% References

@online{picture_HTL.png,  
    author = "{HTL Logo}",
    title = "{Logo of the HTL StP}",
    url  = "https://www.youtube.com/watch?v=oHg5SJYRHA0",
    addendum = "(accessed:  21.01.2022, 23:12)",
}

@online{Lorem1,  
    author = "{Lorem Ipsum generator}",
    title = "{blablabla}",
    url  = "https://www.loremipsum.de/",
    addendum = "(accessed:  21.01.2022, 22:24)",
}

